% This file was created with JabRef 2.8.1.
% Encoding: ISO8859_1

@ARTICLE{Eysenbach2001,
  author = {Eysenbach G},
  title = {What is e-health?},
  journal = {J Med Internet Res 2001;3(2):e20},
  year = {2001},
  volume = {3},
  pages = {},
  doi = {10.2196/jmir.3.2.e20},
  owner = {user},
  timestamp = {2001.06.01},
    note={\url{http://www.jmir.org/2001/2/e20/} (accessed July 10, 2017)}
}

@book{chacon2014pro,
  title={Pro git},
  author={Chacon, Scott and Straub, Ben},
  year={2014},
  publisher={Apress},
      note={\url{https://git-scm.com/book/en/v2} (accessed March 1, 2017)}
}

@book{loeliger2012version,
  title={Version Control with Git: Powerful tools and techniques for collaborative software development},
  author={Loeliger, Jon and McCullough, Matthew},
  year={2012},
  publisher={" O'Reilly Media, Inc."}
}

@misc{spotify2012,
  title={Scaling Agile at Spotify with Tribes, Squads, Chapters and Guilds},
  author={Kniberg, Henrik and Ivarsson, Anders},
  publisher={Spotify},
   journal={Spotify},
  year={2012},
  note={\url{https://blog.crisp.se/wp-content/uploads/2012/11/SpotifyScaling.pdf} (accessed August 5, 2018)}
}

@misc{spotify2017,
  title={Spotify engineering culture (part 1 and part 2) [Video blog post].},
  author={Kniberg, Henrik },
  publisher={Spotify},
  journal={Spotify},
  year={2017},
   note={\url{https://labs.spotify.com/2014/03/27/spotify-engineering-culture-part-1/} (accessed August 5, 2018)}
}

@misc{datacamp2017,
  title={Introduction to Git for Data Science},
  author={Wilson, Greg},
  year={2017},
  journal={Datacamp},
  note={\url{https://www.datacamp.com/courses/introduction-to-git-for-data-science} (accessed February 24, 2018)}
}

@misc{tolk2003levels,
  title={The levels of conceptual interoperability model},
  author={Tolk, Andreas and Muguira, James A},
  booktitle={Proceedings of the 2003 fall simulation interoperability workshop},
  volume={7},
  pages={1--11},
  year={2003},
  organization={Citeseer},
 note={\url{https://www.researchgate.net/publication/240319008_The_Levels_of_Conceptual_Interoperability_Model} (accessed February 24, 2018)}
}

@ARTICLE{HIMSS2013,
  author = {HIMSS},
  title = {Definition of Interoperability},
  journal = {},
  year = {2013},
  volume = {},
  pages = {},
  doi = {},
  owner = {user},
  timestamp = {},
   note={\url{http://www.himss.org/sites/himssorg/files/FileDownloads/HIMSS%20Interoperability%20Definition%20FINAL.pdf} (accessed August 8, 2017)}
}

@article{bacelar2015openehr,
  title={Manual de introdução à norma openEHR},
  author={Bacelar, Gustavo and Correia, Ricardo},
    journal={OpenEHR Academy},
  year={2015}
}

@inproceedings{thomas2017git,
  title={GitLab vs GitHub: Key differences and similarities},
  author={Peham, Thomas},
  journal={UserSnap},
  year={2017},
     note={\url{https://usersnap.com/blog/gitlab-github/} (accessed May 11, 2018)}
}


@inproceedings{openEHRALD2016,
  title={ADL Designer GitHub Page repository and specification },
  author={OpenEHR},
  year={2016},
    journal={OpenEHR Foundation},
        note={\url{https://github.com/openEHR/adl-designer} (accessed April 16, 2018)}
}


@inproceedings{FHIR2017,
  title={Introducing HL7 FHIR},
  author={HL7 FHIR},
  journal={Health Level 7},
  year={2017},
   note={\url{https://www.hl7.org/fhir/summary.html} (accessed October 8, 2017)}
}

@misc{grieve2012hl7,
  title={Hl7 Version 3 Standard: Abstract Transport Specification},
  author={Grieve, G and Julian, A and Koncar, M and Robertson, S and Pratt, D and Ruggeri, R and Spronk, R},
   journal={Health Level 7},
      note={\url{https://www.hl7.org/documentcenter/public_temp_79969D68-1C23-BA17-0CC88BC2FA652C92/wg/inm/abstract_transports.html} (accessed August 26, 2018)},
  year={2012}
}

@misc{IHE2018,
  title={Integrating the Healthcare Enterprise - The IHE Process},
  author={IHE},
        note={\url{https://www.ihe.net/resources/technical_frameworks/} (accessed October 20, 2017)},
  year={2018}
}

@misc{hl7fhir2017,
  title={FHIR Overview - Architects Introduction},
  author={HL7 FHIR},
    journal={Health Level 7},
      note={\url{http://hl7.org/fhir/2016sep/overview-arch.html} (accessed October 21, 2017)},
  year={2017}
}

@misc{ICD2018,
  title={International classification of diseases documentation and specification},
  author={WHO},
  journal={World Health Organization},
   note={\url{http://apps.who.int/classifications/icd10/browse/2016/en#/V} (accessed December 2, 2017)},
  year={2017}
}

@misc{openEHR2018,
  title={What is openEHR?},
  author={OpenEHR},
  year={2017},
    journal={OpenEHR Foundation},
       note={\url{https://www.openehr.org/what_is_openehr} (accessed August 10, 2017)},
  URL ={https://www.openehr.org/what_is_openehr}
}

@misc{openEHRtools2018,
  title={OpenEHR Modelling Tools - revised 2018},
  author={OpenEHR},
  year={2018},
      journal={OpenEHR Foundation},
         note={\url{https://www.openehr.org/downloads/modellingtools} (accessed August 10, 2017)},
  URL ={https://www.openehr.org/downloads/modellingtools}
}

@misc{ICDCM2018,
  title={Classification of Diseases, Functioning, and Disability - 
International Classification of Diseases, Tenth Revision, Clinical Modification (ICD-10-CM)},
  author={CDC},
  journal={Center for Disease Control and Prevention},
  year={2018},
           note={\url{https://www.cdc.gov/nchs/icd/icd10cm.htm} (accessed November 9, 2017)},
  URL ={https://www.cdc.gov/nchs/icd/icd10cm.htm}
}

@misc{openehrckmgover2018,
  title={Archetype Identification specification - Distributed Governance, management},
  author={OpenEHR},
  year={2018},
      journal={OpenEHR Foundation},
       note={\url{https://www.openehr.org/releases/AM/latest/docs/Identification/Identification.html#_management} (accessed August 10, 2017)},
}

@misc{openehrckmgover22018,
  title={Archetype Identification specification - Lifecycle Model - Lifecycle-based Versioning},
  author={OpenEHR},
        journal={OpenEHR Foundation},
  year={2018},
         note={\url{https://www.openehr.org/releases/AM/latest/docs/Identification/Identification.html#_management} (accessed August 10, 2017)},
}

@misc{SCT2018,
  title={What is SNOMED CT? - SNOMED CT Starter Guide},
  author={IHTSDO},
  year={2017},
  note={\url{https://www.snomed.org/snomed-ct/what-is-snomed-ct} (accessed  November 31, 2017)},
  URL ={https://www.snomed.org/snomed-ct/what-is-snomed-ct},
  journal={International Health Terminology Standards Development Organization}
  
}


@misc{DICOM2018,
  title={DICOM PS3.1 2018c - Introduction and Overview},
  author={DICOM},
    note={\url{http://dicom.nema.org/medical/dicom/current/output/pdf/part01.pdf} (accessed November 24, 2017)},
    publisher={Digital Imaging and Communications in Medicine},
  year={2018}
}

@misc{Loinc2018,
  title={Scope of LOINC},
  author={Institute Regenstrief},
    journal={Institute Regenstrief},
  year={2018},
      note={\url{ https://loinc.org/get-started/scope-of-loinc/} (accessed  November 15, 2017)},
    URL ={ https://loinc.org/get-started/scope-of-loinc/}
}

@misc{openEHRCKM,
  title={National Clinical Knowledge Managers repositories (CKMs)},
  author={OpenEHR},
  publisher={OpenEHR Foundation},
        note={\url{https://www.openehr.org/programs/clinicalmodels/nationalckms} (accessed August 3, 2017)},
  year={2018},
    URL ={https://www.openehr.org/programs/clinicalmodels/nationalckms}
}

@misc{LoincTERMS2018,
  title={LOINC Term Basics},
  author={Institute Regenstrief},
    journal={Institute Regenstrief},
  year={2018},
        note={\url{ https://loinc.org/get-started/loinc-term-basics/} (accessed August 15, 2017)},
    URL ={https://loinc.org/get-started/loinc-term-basics/}
}

@article{hovenga2013health,
  title={Health data and data governance.},
  author={Hovenga, Evelyn JS and Grain, Heather},
  journal={Health Information Governance in a Digital Environment},
  volume={193},
  pages={384},
          note={\url{https://www.ncbi.nlm.nih.gov/pubmed/24018511} (accessed August 20, 2017)},
  year={2013}
}

@misc{Selinger2006,
  title={Collisions in the MD5 cryptographic hash function - 
MD5 Collision Demo},
  author={Selinger, Peter},
  year={2006},
  publisher={Department of Mathematics and Statistics - Dalhousie University}, 
            note={\url{https://www.mathstat.dal.ca/~selinger/md5collision/} (accessed July 3, 2018)},
    URL ={https://www.mathstat.dal.ca/~selinger/md5collision/}
}

@article{kalra2005openehr,
  title={The openEHR foundation},
  author={Kalra, Dipak and Beale, Thomas and Heard, Sam},
  journal={Studies in health technology and informatics},
  volume={115},
  pages={153--173},
  year={2005},
              note={\url{https://europepmc.org/abstract/med/16160223} (accessed September 13, 2017)},
  publisher={Amsterdam; Washington, DC: IOS Press, 1991-}
}

@article{moner2018archetype,
  title={Archetype modeling methodology},
  author={Moner, David and Maldonado, Jos{\'e} Alberto and Robles, Montserrat},
  journal={Journal of biomedical informatics},
  volume={79},
  pages={71--81},
  year={2018},
                note={\url{https://www.sciencedirect.com/science/article/pii/S1532046418300224} (accessed September 1, 2018)},
  publisher={Elsevier}
}

@article{Min2018ChinaEHR,
  title={Modeling EHR with the openEHR approach: an exploratory study in China},
  author={Min, Lingtong and Tian, Qi and Lu, Xudong and Duan, Huilong},
  journal={BMC Medical Informatics and Decision Making},
  volume={},
  pages={18:75},
  year={2018},
                  note={\url{https://bmcmedinformdecismak.biomedcentral.com/articles/10.1186/s12911-018-0650-6} (accessed September 1, 2018)},
  doi  = {10.1186/s12911-018-0650-6},
  publisher={Springer}
}

@article{ljosland2015national,
  title={National governance of archetypes in Norway.},
  author={Ljosland, S Bakke},
  journal={Studies in health technology and informatics},
  volume={216},
  pages={1091--1091},
  note={\url{https://www.ncbi.nlm.nih.gov/pubmed/26262390} (accessed March 19, 2018)},
  year={2015}
}

@article{beale2007archetype,
  title={Archetype definitions and principles},
  author={Beale, Thomas and Heard, Sam},
  journal={Rev. 0.5. The OpenEHR Foundation},
  note={\url{https://www.openehr.org/releases/1.0.2/architecture/am/archetype_principles.pdf} (accessed December 7, 2017)},
  year={2007}
}

@inproceedings{marcos2010towards,
  title={Towards the interoperability of computerized guidelines and electronic health records: an experiment with openEHR archetypes and a chronic heart failure guideline},
  author={Marcos, Mar and Mart{\'\i}nez-Salvador, Bego{\~n}a},
  booktitle={International Workshop on Knowledge Representation for Health Care},
  pages={101--113},
  year={2010},
  journal={Springer},
    note={\url{https://www.researchgate.net/publication/220836902_Towards_the_Interoperability_of_Computerised_Guidelines_and_Electronic_Health_Records_An_Experiment_with_openEHR_Archetypes_and_a_Chronic_Heart_Failure_Guideline} (accessed August 30, 2018)},
  organization={Springer}
}

@article{iso1994iec,
  title={IEC 7498-1: 1994 information technology--open systems interconnection--basic reference model: The basic model},
  author={ISO},
  journal={ISO standard ISO/IEC},
  pages={7498--1},
  year={1994},
      note={\url{https://www.iso.org/obp/ui/#iso:std:iso-iec:7498:-1:ed-1:v2:en} (accessed October 20, 2017)},
  URL ={https://www.iso.org/obp/ui/#iso:std:iso-iec:7498:-1:ed-1:v2:en}
}

@ARTICLE{varma2013,
author = {Varma, Dandu.},
title =  {{Managing DICOM images: Tips and tricks for the radiologist}},
journal  ={Indian Journal of Radiology and Imaging},
volume ={22},
number ={1},
pages  = {4-13},
doi  = {10.4103/0971-3026.95396},
year  = {2012},
      note={\url{http://www.ijri.org/article.asp?issn=0971-3026;year=2012;volume=22;issue=1;spage=4;epage=13;aulast=Varma;t=6} (accessed November 27, 2017)},
URL ={http://www.ijri.org/article.asp?issn=0971-3026;year=2012;volume=22;issue=1;spage=4;epage=13;aulast=Varma;t=6},
eprint ={http://www.ijri.org/article.asp?issn=0971-3026;year=2012;volume=22;issue=1;spage=4;epage=13;aulast=Varma;t=6}
}

@article{Bowman2005CoordinationOS,
  title={Coordination of SNOMED-CT and ICD-10: getting the most out of electronic health record systems},
  author={Bowman, Sue E},
  journal={AHIMA, American Health Information Management Association},
  year={2005},
        note={\url{http://www.ijri.org/article.asp?issn=0971-3026;year=2012;volume=22;issue=1;spage=4;epage=13;aulast=Varma;t=6} (accessed December 4, 2017)},
  publisher={American Health Information Management Association}
}


@ARTICLE{Beale2007,
  author = {Beale, Thomas and Heard, Sam},
  title = {An ontology-based model of clinical information},
  journal = {Stud Health Technol Inform},
  year = {2007},
  volume = {},
  pages = {},
  doi = {10.1.1.204.2580},
          note={\url{http://citeseerx.ist.psu.edu/viewdoc/download?doi=10.1.1.204.2580} (accessed October 25, 2017)},
  owner = {user},
  timestamp = {2012.08.16},
  url = {http://citeseerx.ist.psu.edu/viewdoc/download?doi=10.1.1.204.2580}
}

@ARTICLE{ISO2013,
  author = {ISO},
  title = {Information technology - Framework and taxonomy of International Standardized Profiles},
  journal = {ISO standard ISO/IEC},
  year = {2008},
  volume = {},
  pages = {},
  doi = {},
  owner = {user},
            note={\url{http://citeseerx.ist.psu.edu/viewdoc/download?doi=10.1.1.204.2580} (accessed August 26, 2017)},
  timestamp = {},
  url = {https://www.iso.org/standard/30726.html}
}

@ARTICLE{Leslie2008,
  author = {Heather Leslie},
  title = {Archetype authoring, review and publication},
  journal = {OpenEHR Foundation},
  year = {2008},
  volume = {},
  pages = {},
  doi = {},
            note={\url{https://openehr.atlassian.net/wiki/spaces/healthmod/pages/2949174/Archetype+authoring+review+and+publication} (accessed March 15, 2018)},
  owner = {user},
  timestamp = {},
  url = {https://openehr.atlassian.net/wiki/spaces/healthmod/pages/2949174/Archetype+authoring+review+and+publication}
}

@ARTICLE{Leslie2017,
  author = {Heather Leslie},
  title = {Authoring, review and publication overview},
  journal = {OpenEHR Foundation},
  year = {2017},
  volume = {},
  pages = {},
  doi = {},
  owner = {user},
  timestamp = {},
              note={\url{https://openehr.atlassian.net/wiki/spaces/healthmod/pages/2949146/Authorin
g+Review+and+Publication+Overview} (accessed March 15, 2018)},
  url = {https://openehr.atlassian.net/wiki/spaces/healthmod/pages/2949146/Authorin
g+Review+and+Publication+Overview}
}

@ARTICLE{Madsen2010,
  author = {Maria Madsen, Heather Leslie et all},
  title = {Sustainable Clinical Knowledge Management: An Archetype Development Life Cycle},
  journal = {IOS Press},
  year = {2010},
  volume = {Volume 151: Health Informatics},
  pages = {115 - 132},
  doi = {10.3233/978-1-60750-476-4-115},
  owner = {user},
  timestamp = {},
                note={\url{http://ebooks.iospress.nl/publication/12910} (accessed March 19, 2018)},
  url = {http://ebooks.iospress.nl/publication/12910}
}



@article{piho2015business,
  title={Business Archetypes and Archetype Patterns from the HL7 RIM and openEHR RM Perspectives: Towards Interoperability and Evolution of Healthcare Models and Software Systems},
  author={Piho, Gunnar and Tepandi, Jaak and Thompson, Douglas and Woerner, Andreas and Parman, Marko},
  journal={Procedia Computer Science},
  volume={63},
  pages={553--560},
  year={2015},
   note={\url{https://www.researchgate.net/publication/283170849_Business_Archetypes_and_Archetype_Patterns_from_the_HL7_RIM_and_openEHR_RM_Perspectives_Towards_Interoperability_and_Evolution_of_Healthcare_Models_and_Software_Systems} (accessed March 28, 2018)},
  publisher={Elsevier}
}

@article{huff1995event,
  title={An event model of medical information representation},
  author={Huff, Stanley M and Rocha, Roberto A and Bray, Bruce E and Warner, Homer R and Haug, Peter J},
  journal={Journal of the American Medical Informatics Association},
  volume={2},
  number={2},
  pages={116--134},
  year={1995},
     note={\url{https://www.ncbi.nlm.nih.gov/pubmed/7743315} (accessed February 11, 2018)},
  publisher={BMJ Group BMA House, Tavistock Square, London, WC1H 9JR}
}

@book{sinha2012electronic,
  title={Electronic health record: standards, coding systems, frameworks, and infrastructures},
  author={Sinha, Pradeep K and Sunder, Gaur and Bendale, Prashant and Mantri, Manisha and Dande, Atreya},
  year={2012},
    journal = {John Wiley \& Sons},
  publisher={John Wiley \& Sons}
}

@article{cresswell2013ten,
  title={Ten key considerations for the successful implementation and adoption of large-scale health information technology},
  author={Cresswell, Kathrin M and Bates, David W and Sheikh, Aziz},
  journal={Journal of the American Medical Informatics Association},
  volume={20},
  number={e1},
  pages={e9--e13},
  year={2013},
  publisher={BMJ Publishing Group}
}

@article{Grieve2016vid,
  title={FHIR and openEHR},
  author={Grahame Grieve},
  journal={HL7 FHIR developer days 2016 Amsterdam},
  volume={},
  number={},
  pages={},
       note={\url{https://www.fhirdevdays.com/amsterdam/previous-editions/devdays-2016/} (accessed April 17, 2018)},
  year={2016},
      publisher={Health Level 7},
}

@article{openEHRhist2002,
  title={Origins of openEHR},
  author={David Ingram},
  journal = {OpenEHR Foundation},
  volume={},
  number={},
         note={\url{https://www.openehr.org/about/origins} (accessed June 14, 2017)},
  pages={},
  year={2016},
  publisher={OpenEHR Foundation}
}

@article{conde2010towards,
  title={Towards best practice in the Archetype Development Process},
  author={Conde, Alberto Moreno and Berry, Damon},
  journal={Proyecto Fin de Carrera, Trinity College Dublin},
           note={\url{https://www.scss.tcd.ie/publications/theses/diss/2010/TCD-SCSS-DISSERTATION-2010-016.pdf} (accessed February 26, 2018)},
  year={2010}
}


@incollection{wilcox2014software,
  title={Software Engineering for Health Care and Biomedicine},
  author={Wilcox, Adam B and Narus, Scott P and Vawdrey, David K},
  booktitle={Biomedical Informatics},
  pages={185--209},
             note={\url{https://www.scss.tcd.ie/publications/theses/diss/2010/TCD-SCSS-DISSERTATION-2010-016.pdf} (accessed February 26, 2018)},
  year={2014},
  publisher={Springer}
}

@article{article2006leslie,
author = {Leslie, Heather and Heard, Sam},
year = {2006},
month = {01},
pages = {},
title = {Archetypes 101},
             note={\url{https://www.researchgate.net/publication/228702894_Archetypes_101} (accessed March 20, 2018)},
  journal={HIC 2006 and HINZ 2006: Proceedings, Health Informatics Society of Australia},
booktitle = {Health Informatics Journal - HIJ}
}

@article{t!ehr,
author = {Marand},
year = {2017},
month = {01},
pages = {},
title = {Think!EHR Platform™ documentation and specification},
journal = {Marand d.o.o.},
             note={\url{http://www.marand.com/thinkehr/} (accessed October 3, 2017)},
  URL={http://www.marand.com/thinkehr/}
}

@article{preston2018,
  title={Semantic Versioning 2.0.0 -  meaningful method for incrementing version numbers.},
  author={Preston-Werner, Tom},
  journal={},
               note={\url{https://semver.org/} (accessed February 18, 2017)},
  year={2018}
}

@article{wade2014traits,
  title={Traits and types of health data repositories},
  author={Wade, Ted D},
  journal={Health information science and systems},
  volume={2},
  number={1},
  pages={4},
    note={\url{https://www.ncbi.nlm.nih.gov/pmc/articles/PMC4340801/} (accessed May 22, 2018)},
  year={2014},
  publisher={Springer}
}

@article{sundvall2013applying,
  title={Applying representational state transfer (REST) architecture to archetype-based electronic health record systems},
  author={Sundvall, Erik and Nystr{\"o}m, Mikael and Karlsson, Daniel and Eneling, Martin and Chen, Rong and {\"O}rman, H{\aa}kan},
  journal={BMC medical informatics and decision making},
  volume={13},
  number={1},
     note={\url{https://bmcmedinformdecismak.biomedcentral.com/articles/10.1186/1472-6947-13-57} (accessed February 16, 2018)},
  pages={57},
  year={2013},
  publisher={BioMed Central}
}


@article{jun2009health,
  title={Health care process modelling: which method when?},
  author={Jun, Gyuchan Thomas and Ward, James and Morris, Zoe and Clarkson, John},
  journal={International Journal for Quality in Health Care},
  volume={21},
  number={3},
  pages={214--224},
  year={2009},
  note={\url{https://www.researchgate.net/publication/24274499_Health_care_process_modelling_Which_method_when} (accessed February 24, 2018)},
  publisher={Oxford University Press}
}


@article{openEHRarchver,
  title={OpenEHR Archetype Identification specification Program},
  author={OpenEHR},
  journal = {OpenEHR Foundation},
    note={\url{https://www.openehr.org/releases/AM/latest/docs/Identification/Identification.html} (accessed February 24, 2018)},
    publisher={OpenEHR Foundation},
  year={2018}
}

@article{openEHRAOM,
  title={OpenEHR Archetype Object Model (AOM2) specification Program},
  author={OpenEHR},
  journal={OpenEHR Foundation},
  year={2018},
    publisher={OpenEHR Foundation},
        note={\url{https://www.openehr.org/releases/AM/latest/docs/AOM2/AOM2.html#_human_readable_identifier_hrid} (accessed June 3, 2018)},
  URL={https://www.openehr.org/releases/AM/latest/docs/AOM2/AOM2.html#_human_readable_identifier_hrid}
}

@article{angular,
  title={Google Angular 2+ Architecture overview},
  author={Google},
 journal={Angular},
  year={2018},
            note={\url{https://angular.io/guide/architecture} (accessed May 25, 2018)},
  URL={https://angular.io/guide/architecture}
}

@article{openEHRAOM_AIS,
  title={OpenEHR AOM2 (Archetype Object Model 2) Versioning},
  author={OpenEHR},
  journal={OpenEHR Foundation},
    publisher={OpenEHR Foundation},
  year={2018},
          note={\url{https://www.openehr.org/releases/AM/latest/docs/Identification/Identification.html#_versioning} (accessed February 18, 2018)},
  URL={https://www.openehr.org/releases/AM/latest/docs/Identification/Identification.html#_versioning}
}

@incollection{hammond2014standards,
  title={Standards in biomedical informatics},
  author={Hammond, W Edward and Jaffe, Charles and Cimino, James J and Huff, Stanley M},
  booktitle={Biomedical informatics},
  pages={211--253},
  year={2014},
  publisher={Springer}
}



@comment{jabref-meta: selector_review:}

@comment{jabref-meta: selector_publisher:}

@comment{jabref-meta: selector_author:}

@comment{jabref-meta: selector_journal:}

@comment{jabref-meta: selector_keywords:}

